<?xml version="1.0" encoding="UTF-8"?><record xmlns="http://www.loc.gov/MARC21/slim" xmlns:cinclude="http://apache.org/cocoon/include/1.0" xmlns:zs="http://www.loc.gov/zing/srw/">
  <leader>01199cz  a2200253n  4500</leader>
  <controlfield tag="001">no2013076641</controlfield>
  <controlfield tag="003">DLC</controlfield>
  <controlfield tag="005">20150105124406.0</controlfield>
  <controlfield tag="008">130718n| azaabaaan          |a ana     c</controlfield>
  <datafield tag="010" ind1=" " ind2=" ">
    <subfield code="a">no2013076641</subfield>
  </datafield>
  <datafield tag="035" ind1=" " ind2=" ">
    <subfield code="a">(OCoLC)oca09523188</subfield>
  </datafield>
  <datafield tag="040" ind1=" " ind2=" ">
    <subfield code="a">MH</subfield>
    <subfield code="b">eng</subfield>
    <subfield code="e">rda</subfield>
    <subfield code="c">MH</subfield>
    <subfield code="d">DLC</subfield>
  </datafield>
  <datafield tag="130" ind1=" " ind2="0">
    <subfield code="a">Collection Fictions (Hexagone (Firm) : Unnumbered)</subfield>
  </datafield>
  <datafield tag="380" ind1=" " ind2=" ">
    <subfield code="a">Series</subfield>
  </datafield>
  <datafield tag="430" ind1=" " ind2="0">
    <subfield code="a">Fictions (Hexagone (Firm) : Unnumbered)</subfield>
  </datafield>
  <datafield tag="410" ind1="2" ind2=" ">
    <subfield code="a">Hexagone (Firm).</subfield>
    <subfield code="t">Collection Fictions (Hexagone (Firm) : Unnumbered)</subfield>
  </datafield>
  <datafield tag="530" ind1=" " ind2="0">
    <subfield code="w">r</subfield>
    <subfield code="i">Continuation of (work):</subfield>
    <subfield code="a">Collection Fictions (Hexagone (Firm))</subfield>
  </datafield>
  <datafield tag="643" ind1=" " ind2=" ">
    <subfield code="a">Montréal, Québec</subfield>
    <subfield code="b">Les Éditions de l'Hexagone</subfield>
  </datafield>
  <datafield tag="644" ind1=" " ind2=" ">
    <subfield code="a">f</subfield>
    <subfield code="5">MH</subfield>
  </datafield>
  <datafield tag="645" ind1=" " ind2=" ">
    <subfield code="a">t</subfield>
    <subfield code="5">DPCC</subfield>
    <subfield code="5">MH</subfield>
  </datafield>
  <datafield tag="646" ind1=" " ind2=" ">
    <subfield code="a">s</subfield>
    <subfield code="5">MH</subfield>
  </datafield>
  <datafield tag="670" ind1=" " ind2=" ">
    <subfield code="a">Lalancette, G. L'épivardé, 2012:</subfield>
    <subfield code="b">cover (Collection Fictions) p. [ii] (Les Éditions de l'Hexagone)</subfield>
  </datafield>
  <datafield tag="670" ind1=" " ind2=" ">
    <subfield code="a">Email from publisher, June 26, 2013</subfield>
    <subfield code="b">(The Collection Fictions has become unnumbered. As of when, we are not able to find any documentation regarding this in our archives. The collection was revived in 2011. We do not know when it was stopped)</subfield>
  </datafield>
  <datafield tag="670" ind1=" " ind2=" ">
    <subfield code="a">LaFrance, M. Vol de vie, c1992:</subfield>
    <subfield code="b">series t.p. (Collection Fictions) cover p. 4 (Collection Fictions)</subfield>
  </datafield>
</record>